@online{Print_TCG_Market_Size,
	ALTauthor = {author},
	ALTeditor = {editor},
	title = {Trading Card Game Market Size \& Share Analysis - Growth Trends \& Forecasts (2025 - 2030)},
	date = {date},
	url = {https://www.mordorintelligence.com/industry-reports/trading-card-game-market},
	OPTsubtitle = {subtitle},
	OPTtitleaddon = {titleaddon},
	OPTlanguage = {language},
	OPTversion = {version},
	OPTnote = {note},
	OPTorganization = {organization},
	OPTdate = {date},
	OPTmonth = {month},
	OPTyear = {year},
	OPTaddendum = {addendum},
	OPTpubstate = {pubstate},
	OPTurldate = {urldate},
}

@online{Online_TCG_Market_Size,
	ALTauthor = {author},
	ALTeditor = {editor},
	title = {Digital Collectible Card Games Market Overview},
	date = {date},
	url = {https://www.businessresearchinsights.com/market-reports/digital-collectible-card-games-market-109749},
	OPTsubtitle = {subtitle},
	OPTtitleaddon = {titleaddon},
	OPTlanguage = {language},
	OPTversion = {version},
	OPTnote = {note},
	OPTorganization = {organization},
	OPTdate = {date},
	OPTmonth = {month},
	OPTyear = {year},
	OPTaddendum = {addendum},
	OPTpubstate = {pubstate},
	OPTurldate = {urldate},
}

@online{TCG_Market_Size,
	ALTauthor = {author},
	ALTeditor = {editor},
	title = {Globaler Markt für Sammelkartenspiele: Informationen nach Gerätetyp},
	date = {date},
	url = {https://straitsresearch.com/de/report/collectible-card-games-market},
	OPTsubtitle = {subtitle},
	OPTtitleaddon = {titleaddon},
	OPTlanguage = {language},
	OPTversion = {version},
	OPTnote = {note},
	OPTorganization = {organization},
	OPTdate = {date},
	OPTmonth = {month},
	OPTyear = {year},
	OPTaddendum = {addendum},
	OPTpubstate = {pubstate},
	OPTurldate = {urldate},
}

@online{TCG_Market_Size_2024,
	ALTauthor = {author},
	ALTeditor = {editor},
	title = {Trading Card Game Rückblick 2024},
	date = {date},
	url = {https://www.magabotato.de/2025/01/trading-card-game-rueckblick-2024/},
	OPTsubtitle = {subtitle},
	OPTtitleaddon = {titleaddon},
	OPTlanguage = {language},
	OPTversion = {version},
	OPTnote = {note},
	OPTorganization = {organization},
	OPTdate = {date},
	OPTmonth = {month},
	OPTyear = {year},
	OPTaddendum = {addendum},
	OPTpubstate = {pubstate},
	OPTurldate = {urldate},
}